@book{Hosmer2013,
  author="Hosmer, D. W. and Lemeshow, S. and Sturdivant, R. X.",
  title="Applied logistic regression",
  publisher="Wiley & Sons.",
  year="2013",
  edition="3",
  address="New Jersey"
}

@mastersthesis{silva2016,
  author="Da Silva, J. P. B. C.",
  title="Modelos de regressão linear e logística usando o software {R}",
  school="Universidade Aberta",
  year="2016"
}

