@book{Iloneide2018,
  author = "Ramos, Iloneide and Freire, Flávio and Barbosa, Denize",
  title = "Estatística não-paramétrica utilizando o R",
  year = "2018",
  address = "Natal",
}

@book{corder2011,
  author = "Corder, Gregory W and Foreman, Dale I.",
  title = "Nonparametric Statistics for Non-Statisticians: A Step-by-Step Approach",
  year = "2011",
  publisher = "John Wiley & Sons",
}

@book{daniel90,
  author = "Daniel, Wayne W,",
  title = "Applied Nonparametric Statistics",
  year = "1990"
}
